@article{abramoff2010automated,
  title={Automated early detection of diabetic retinopathy},
  author={Abr{\`a}moff, Michael D and Reinhardt, Joseph M and Russell, Stephen R and Folk, James C and Mahajan, Vinit B and Niemeijer, Meindert and Quellec, Gw{\'e}nol{\'e}},
  journal={Ophthalmology},
  volume={117},
  number={6},
  pages={1147--1154},
  year={2010},
  publisher={Elsevier}
}
@misc{diabetic,
	title = {Diabetic retinopathy - Illnesses & conditions | NHS inform},
	url = {https://www.nhsinform.scot/illnesses-and-conditions/diabetes/diabetic-retinopathy}
}

@misc{diabetica_data,
	title = {Diabetic Retinopathy Detection},
	year = {2015},
	url = {https://kaggle.com/competitions/diabetic-retinopathy-detection},
	langid = {en}
}

@misc{diabetic2017,
	title = {Diabetic retinopathy - Stages},
	year = {2017},
	month = {10},
	date = {2017-10-23},
	url = {https://www.nhs.uk/conditions/diabetic-retinopathy/stages/},
	note = {Section: conditions},
	langid = {en}
}

@misc{diabetica,
	author = {Advanced Retina Associates},
	url = {https://www.advancedretinaassociates.com/patient-education/diabetic-retinopathy/}
}

@INPROCEEDINGS{9828576,
  author={Kaya, Esra and Saritas, Ismail},
  booktitle={2022 57th International Scientific Conference on Information, Communication and Energy Systems and Technologies (ICEST)}, 
  title={Performances of CNN Architectures on Diabetic Retinopathy Detection Using Transfer Learning}, 
  year={2022},
  volume={},
  number={},
  pages={1-4},
  doi={10.1109/ICEST55168.2022.9828576}}
  
@INPROCEEDINGS{9651024,
  author={Kumar, Nikhil Sathya and Ramaswamy Karthikeyan, B.},
  booktitle={2021 International Symposium on Intelligent Signal Processing and Communication Systems (ISPACS)}, 
  title={Diabetic Retinopathy Detection using CNN, Transformer and MLP based Architectures}, 
  year={2021},
  volume={},
  number={},
  pages={1-2},
  doi={10.1109/ISPACS51563.2021.9651024}}
  
@INPROCEEDINGS{9215270,
  author={Jayakumari, C. and Lavanya, Vidhya and Sumesh, E P},
  booktitle={2020 International Conference on Smart Electronics and Communication (ICOSEC)}, 
  title={Automated Diabetic Retinopathy Detection and classification using ImageNet Convolution Neural Network using Fundus Images}, 
  year={2020},
  volume={},
  number={},
  pages={577-582},
  doi={10.1109/ICOSEC49089.2020.9215270}}
@article{r2015,
	title = {Epidemiology of diabetic retinopathy, diabetic macular edema and related vision loss},
	author = {R, Lee and Ty, Wong and C, Sabanayagam},
	year = {2015},
	month = {09},
	date = {2015-09-30},
	journal = {Eye and vision (London, England)},
	volume = {2},
	doi = {10.1186/s40662-015-0026-2},
	url = {https://pubmed.ncbi.nlm.nih.gov/26605370/},
	note = {Publisher: Eye Vis (Lond)
PMID: 26605370},
	langid = {en}
}
@article{pratt2016convolutional,
  title={Convolutional neural networks for diabetic retinopathy},
  author={Pratt, Harry and Coenen, Frans and Broadbent, Deborah M and Harding, Simon P and Zheng, Yalin},
  journal={Procedia computer science},
  volume={90},
  pages={200--205},
  year={2016},
  publisher={Elsevier}
}

@INPROCEEDINGS{9432312,
  author={Pathak, Ketki C. and Shah, Riddhi B. and Tharakan, Reshma R. and Patel, Bhavya N. and Jariwala, Dhruvi C.},
  booktitle={2021 5th International Conference on Intelligent Computing and Control Systems (ICICCS)}, 
  title={Diabetic Retinopathy Diagnosis and Categorization using Deep Learning - A Review}, 
  year={2021},
  volume={},
  number={},
  pages={1063-1069},
  doi={10.1109/ICICCS51141.2021.9432312}}
  
@misc{whatis,
	title = {What is agile methodology?},
	year ={2022},
	url = {https://www.redhat.com/en/topics/devops/what-is-agile-methodology},
	langid = {en}
}

@misc{tripathi2021,
	title = {Image Processing using CNN | Beginner's Guide to Image Processing},
	author = {Tripathi, Mohit},
	year = {2021},
	month = {06},
	date = {2021-06-21},
	url = {https://www.analyticsvidhya.com/blog/2021/06/image-processing-using-cnn-a-beginners-guide/},
	langid = {en}
}

@article{whiting2011idf,
  title={IDF diabetes atlas: global estimates of the prevalence of diabetes for 2011 and 2030},
  author={Whiting, David R and Guariguata, Leonor and Weil, Clara and Shaw, Jonathan},
  journal={Diabetes research and clinical practice},
  volume={94},
  number={3},
  pages={311--321},
  year={2011},
  publisher={Elsevier}
}

@misc{senaratne2020,
	title = {CLAHE and Thresholding in Python},
	author = {Senaratne, Ravindu},
	year = {2020},
	month = {07},
	date = {2020-07-03},
	url = {https://towardsdatascience.com/clahe-and-thresholding-in-python-3bf690303e40},
	langid = {en}
}

@INPROCEEDINGS{8725801,
  author={Wu, Yuchen and Hu, Ze},
  booktitle={2019 IEEE 4th International Conference on Cloud Computing and Big Data Analysis (ICCCBDA)}, 
  title={Recognition of Diabetic Retinopathy Basedon Transfer Learning}, 
  year={2019},
  volume={},
  number={},
  pages={398-401},
  doi={10.1109/ICCCBDA.2019.8725801}}

@article{davenport2019,
	title = {The potential for artificial intelligence in healthcare},
	author = {Davenport, Thomas and Kalakota, Ravi},
	year = {2019},
	month = {06},
	date = {2019-06},
	journal = {Future Healthcare Journal},
	pages = {94},
	volume = {6},
	number = {2},
	doi = {10.7861/futurehosp.6-2-94},
	url = {https://www.ncbi.nlm.nih.gov/pmc/articles/PMC6616181/},
	note = {Publisher: Royal College of Physicians
PMID: 31363513},
	langid = {en}
}

@article{shahid2019,
	title = {Applications of artificial neural networks in health care organizational decision-making: A scoping review},
	author = {Shahid, Nida and Rappon, Tim and Berta, Whitney},
	year = {2019},
	date = {2019},
	journal = {PLoS ONE},
	volume = {14},
	number = {2},
	doi = {10.1371/journal.pone.0212356},
	url = {https://www.ncbi.nlm.nih.gov/pmc/articles/PMC6380578/},
	note = {Publisher: PLOS
PMID: 30779785},
	langid = {en}
}

@misc{history,
	title = {History of Artificial Neural Network - Javatpoint},
	url = {https://www.javatpoint.com/history-of-artificial-neural-network},
	langid = {en}
}

@book{113neu,
	author = {otexts.com},
	url = {https://otexts.com/fpp2/nnetar.html}
}

@misc{v2021,
	title = {Artificial Neural Network | How does Artificial Neural Network Work},
	author = {V, Keerthana},
	year = {2021},
	month = {04},
	date = {2021-04-14},
	url = {https://www.analyticsvidhya.com/blog/2021/04/artificial-neural-network-its-inspiration-and-the-working-mechanism/},
	langid = {en}
}

@misc{v2021a,
	title = {Artificial Neural Network | How does Artificial Neural Network Work},
	author = {V, Keerthana},
	year = {2021},
	month = {04},
	date = {2021-04-14},
	url = {https://www.analyticsvidhya.com/blog/2021/04/artificial-neural-network-its-inspiration-and-the-working-mechanism/},
	langid = {en}
}

@misc{kumar2022,
	title = {Different Types of CNN Architectures Explained: Examples},
	author = {Kumar, Ajitesh},
	year = {2022},
	month = {04},
	date = {2022-04-12},
	url = {https://vitalflux.com/different-types-of-cnn-architectures-explained-examples/},
	langid = {canadian}
}

@misc{student2018,
	author = {IndoML.com},
	year = {2018},
	url = {https://indoml.com/2018/03/07/student-notes-convolutional-neural-networks-cnn-introduction/},
	langid = {id-ID}
}

@misc{pokhrel2019,
	title = {Beginners Guide to Understanding Convolutional Neural Networks},
	author = {Pokhrel, Sabina},
	year = {2019},
	month = {09},
	date = {2019-09-20},
	url = {https://towardsdatascience.com/beginners-guide-to-understanding-convolutional-neural-networks-ae9ed58bb17d},
	langid = {en}
}

@misc{reynolds,
	author = {Reynolds, Anh H.},
	url = {https://anhreynolds.com/},
	langid = {en-us}
}

@misc{transfer,
	url = {https://www.turing.com/kb/transfer-learning-using-cnn-vgg16},
	langid = {en}
}

@misc{sharma2021,
	title = {Transfer Learning | Understanding Transfer Learning for Deep Learning},
	author = {Sharma, Pranshu},
	year = {2021},
	month = {10},
	date = {2021-10-30},
	url = {https://www.analyticsvidhya.com/blog/2021/10/understanding-transfer-learning-for-deep-learning/},
	langid = {en}
}

@misc{whatisa,
	title = {What is the k-nearest neighbors algorithm? | IBM},
	url = {https://www.ibm.com/uk-en/topics/knn},
	langid = {en-uk}
}

@misc{resnet-5,
	title = {ResNet-50: The Basics and a Quick Tutorial},
	url = {https://datagen.tech/guides/computer-vision/resnet-50/},
	langid = {canadian}
}

@misc{mukherjee2022,
	title = {The Annotated ResNet-50},
	author = {Mukherjee, Suvaditya},
	year = {2022},
	month = {08},
	date = {2022-08-18},
	url = {https://towardsdatascience.com/the-annotated-resnet-50-a6c536034758},
	langid = {en}
}

@article{huang2016,
	title = {Densely Connected Convolutional Networks},
	author = {Huang, Gao and Liu, Zhuang and van der Maaten, Laurens and Weinberger, Kilian Q.},
	year = {2016},
	month = {08},
	date = {2016-08-25},
	doi = {10.48550/arXiv.1608.06993},
	url = {https://arxiv.org/abs/1608.06993v5},
	langid = {en}
}

@misc{bardhi2021,
	title = {{\#} Image Detection Using Convolutional Neural Networks},
	author = {Bardhi, Melisa},
	year = {2021},
	month = {02},
	date = {2021-02-25},
	url = {https://medium.com/mlearning-ai/image-detection-using-convolutional-neural-networks-89c9e21fffa3},
	langid = {en}
}

@misc{turingenterprisesinc,
	title = {Transfer Learning using CNN (VGG16).},
	author = {Turing Enterprises Inc, },
	url = {https://www.turing.com/kb/transfer-learning-using-cnn-vgg16},
	langid = {en}
}

@misc{budhiraja2018,
	title = {Learning Less to Learn Better {\textemdash} Dropout in (Deep) Machine learning},
	author = {Budhiraja, Amar},
	year = {2018},
	month = {03},
	date = {2018-03-06},
	url = {https://medium.com/@amarbudhiraja/https-medium-com-amarbudhiraja-learning-less-to-learn-better-dropout-in-deep-machine-learning-74334da4bfc5},
	langid = {en}
}

@misc{kongsilp2019,
	title = {CNN: Step 2 {\textemdash} Flattening},
	author = {Kongsilp, Panadda},
	year = {2019},
	month = {07},
	date = {2019-07-22},
	url = {https://medium.com/@PK_KwanG/cnn-step-2-flattening-50ee0af42e3e},
	langid = {en}
}

@misc{top4so2017,
	title = {Top 4 software development methodologies},
	year = {2017},
	month = {03},
	date = {2017-03-28},
	url = {https://www.synopsys.com/blogs/software-security/top-4-software-development-methodologies/},
	langid = {canadian}
}

@misc{synopsys.com2017,
	author = {synopsys.com, },
	year = {2017},
	month = {03},
	date = {2017-03-28},
	url = {https://www.synopsys.com/blogs/software-security/top-4-software-development-methodologies/},
	langid = {canadian}
}

@misc{synopsys2017,
	title = {synopsys},
	year = {2017},
	month = {03},
	date = {2017-03-28},
	url = {https://www.synopsys.com/blogs/software-security/top-4-software-development-methodologies/},
	langid = {canadian}
}
